@inproceedings{10.1145/2884781.2884815,
  author    = {Salvaneschi, Guido and Mezini, Mira},
  title     = {Debugging for Reactive Programming},
  year      = {2016},
  isbn      = {9781450339001},
  publisher = {Association for Computing Machinery},
  address   = {New York, NY, USA},
  url       = {https://doi.org/10.1145/2884781.2884815},
  doi       = {10.1145/2884781.2884815},
  booktitle = {Proceedings of the 38th International Conference on Software Engineering},
  pages     = {796–807},
  numpages  = {12},
  keywords  = {functional-reactive programming, debugging},
  location  = {Austin, Texas},
  series    = {ICSE ’16}
}

@inproceedings{10.1145/3180155.3180156,
  author    = {Banken, Herman and Meijer, Erik and Gousios, Georgios},
  title     = {Debugging Data Flows in Reactive Programs},
  year      = {2018},
  isbn      = {9781450356381},
  publisher = {Association for Computing Machinery},
  address   = {New York, NY, USA},
  url       = {https://doi.org/10.1145/3180155.3180156},
  doi       = {10.1145/3180155.3180156},
  booktitle = {Proceedings of the 40th International Conference on Software Engineering},
  pages     = {752–763},
  numpages  = {12},
  keywords  = {visualization, debugging, reactive programming, program comprehension},
  location  = {Gothenburg, Sweden},
  series    = {ICSE ’18}
}

@article{5287015,
  author  = {G. {Pothier} and E. {Tanter}},
  journal = {IEEE Software},
  title   = {Back to the Future: Omniscient Debugging},
  year    = {2009},
  volume  = {26},
  number  = {6},
  pages   = {78-85}
}

